%% This BibTeX bibliography file was created using BibDesk.
%% http://bibdesk.sourceforge.net/

%% Created for Eva Darulova at 2019-04-09 12:12:25 +0200 


%% Saved with string encoding Unicode (UTF-8) 



@inproceedings{DaisyTuning,
	Author = {Darulova, Eva and Sharma, Saksham and Horn, Einar},
	Booktitle = {ICCPS},
	Date-Added = {2019-04-09 12:12:00 +0200},
	Date-Modified = {2019-04-09 12:12:00 +0200},
	Title = {Sound Mixed-Precision Optimization with Rewriting},
	Year = {2018}}

@inproceedings{Gappa,
	Author = {De Dinechin, Florent and Lauter, Christoph Quirin and Melquiond, Guillaume},
	Booktitle = {{{ACM}} Symposium on {{Applied}} Computing},
	Date-Added = {2019-04-09 12:11:39 +0200},
	Date-Modified = {2019-04-09 12:11:39 +0200},
	Title = {Assisted {{Verification}} of {{Elementary Functions}} Using {{Gappa}}},
	Year = {2006}}

@inproceedings{Daisy,
	Author = {Darulova, E. and Izycheva, A. and Nasir, F. and Ritter, F. and Becker, H. and Bastian, R.},
	Booktitle = {TACAS},
	Date-Added = {2019-04-09 12:11:23 +0200},
	Date-Modified = {2019-04-09 12:11:23 +0200},
	Title = {{Daisy - Framework for Analysis and Optimization of Numerical Programs}},
	Year = {2018}}

@article{affineArithmetic,
	Abstract = {Affine arithmetic is a model for self-validated numerical computation that keeps track of first-order correlations between computed and input quantities. We explain the main concepts in affine arithmetic and how it handles the dependency problem in standard interval arithmetic. We also describe some of its applications.},
	Author = {de Figueiredo, L. H. and Stolfi, J.},
	Date-Added = {2019-04-09 12:11:09 +0200},
	Date-Modified = {2019-04-09 12:11:09 +0200},
	Journal = {Numerical Algorithms},
	Number = {1-4},
	Title = {Affine {A}rithmetic: {C}oncepts and {A}pplications},
	Volume = {37},
	Year = {2004}}

@book{intervals,
	Author = {R.E. Moore},
	Date-Added = {2019-04-09 12:10:57 +0200},
	Date-Modified = {2019-04-09 12:10:57 +0200},
	Publisher = {Prentice-Hall},
	Title = {Interval {A}nalysis},
	Year = {1966}}

@article{ieee75408,
	Abstract = {This standard specifies interchange and arithmetic formats and methods
	for binary and decimal floating-point arithmetic in computer programming
	environments. This standard specifies exception conditions and their
	default handling. An implementation of a floating-point system conforming
	to this standard may be realized entirely in software, entirely in
	hardware, or in any combination of software and hardware. For operations
	specified in the normative part of this standard, numerical results
	and exceptions are uniquely determined by the values of the input
	data, sequence of operations, and destination formats, all under
	user control.},
	Author = {IEEE, Computer Society},
	Date-Added = {2019-04-09 12:10:22 +0200},
	Date-Modified = {2019-04-09 12:10:22 +0200},
	Journal = {IEEE Std 754-2008},
	Title = {{IEEE} {S}tandard for {F}loating-{P}oint {A}rithmetic},
	Year = {2008}}

@inproceedings{imperialrmpc,
	Author = {Suardi, Andrea and Longo, Stefano and C. Kerrigan, Eric and A. Constantinides, George},
	Date-Added = {2019-04-09 11:55:38 +0200},
	Date-Modified = {2019-04-09 11:55:38 +0200},
	Doi = {10.3182/20140824-6-ZA-1003.01033},
	Journal = {IFAC Proceedings Volumes (IFAC-PapersOnline)},
	Month = {08},
	Title = {Robust Explicit MPC Design under finite Precision Arithmetic},
	Volume = {19},
	Year = {2014},
	Bdsk-Url-1 = {https://doi.org/10.3182/20140824-6-ZA-1003.01033}}

@inproceedings{memoryMPC,
	Author = {Ingole, Deepak and Kvasnica, Michal and De Silva, Himeshi and Gustafson, John},
	Date-Added = {2019-04-09 11:55:33 +0200},
	Date-Modified = {2019-04-09 11:55:33 +0200},
	Month = {07},
	Title = {Reducing Memory Footprints in Explicit Model Predictive Control using Universal Numbers},
	Year = {2017}}

@inproceedings{matlabMPT,
	Author = {M. {Herceg} and M. {Kvasnica} and C. N. {Jones} and M. {Morari}},
	Booktitle = {2013 European Control Conference (ECC)},
	Date-Added = {2019-04-09 11:55:11 +0200},
	Date-Modified = {2019-04-09 11:55:11 +0200},
	Doi = {10.23919/ECC.2013.6669862},
	Keywords = {control engineering computing;geometry;optimal control;multiparametric toolbox 3.0;optimal controllers;Matlab;powerful geometric library;computational geometry;parametric solver;linear-complementarity problems;real-time model predictive controllers;Libraries;Optimization;Computational geometry;Silicon;Computational modeling;MATLAB;Engines},
	Month = {July},
	Pages = {502-510},
	Title = {Multi-Parametric Toolbox 3.0},
	Year = {2013},
	Bdsk-Url-1 = {https://doi.org/10.23919/ECC.2013.6669862}}

@inproceedings{matlabYALMIP,
	Author = {J. {Lofberg}},
	Booktitle = {2004 IEEE International Conference on Robotics and Automation (IEEE Cat. No.04CH37508)},
	Date-Added = {2019-04-09 11:55:11 +0200},
	Date-Modified = {2019-04-09 11:55:11 +0200},
	Doi = {10.1109/CACSD.2004.1393890},
	Keywords = {control engineering computing;mathematics computing;optimisation;software packages;Matlab toolbox YALMIP;modeling;optimization;systems theory;control theory;semidefinite programming;3 YALMIP command learning;Mathematical model;MATLAB;Quadratic programming;Linear programming;Riccati equations;Integer linear programming;Control theory;Control systems;Automatic control;Robust control},
	Month = {Sep.},
	Pages = {284-289},
	Title = {YALMIP : a toolbox for modeling and optimization in MATLAB},
	Year = {2004},
	Bdsk-Url-1 = {https://doi.org/10.1109/CACSD.2004.1393890}}

@article{Bemporad:2002,
	Address = {Tarrytown, NY, USA},
	Author = {Bemporad, Alberto and Morari, Manfred and Dua, Vivek and Pistikopoulos, Efstratios N.},
	Date-Added = {2019-04-09 11:54:51 +0200},
	Date-Modified = {2019-04-09 11:54:51 +0200},
	Issn = {0005-1098},
	Issue_Date = {January, 2002},
	Journal = {Automatica},
	Month = jan,
	Number = {1},
	Numpages = {18},
	Pages = {3--20},
	Publisher = {Pergamon Press, Inc.},
	Title = {The Explicit Linear Quadratic Regulator for Constrained Systems},
	Volume = {38},
	Year = {2002}}

@inbook{Alessio2009,
	Address = {Berlin, Heidelberg},
	Author = {Alessio, Alessandro and Bemporad, Alberto},
	Booktitle = {Nonlinear Model Predictive Control: Towards New Challenging Applications},
	Date-Added = {2019-04-09 11:54:46 +0200},
	Date-Modified = {2019-04-09 11:54:46 +0200},
	Pages = {345--369},
	Publisher = {Springer Berlin Heidelberg},
	Title = {A Survey on Explicit Model Predictive Control},
	Year = {2009}}

@article{delaPea:2005,
	year  = {2005},
	publisher = {Elsevier {BV}},
	volume = {38},
	number = {1},
	pages = {263--268},
	author = {D. Mu{\~{n}}oz de la Pe{\~{n}}a and T. Alamo and D.R. Ram{\'{\i}}rez and E.F. Camacho},
	title = {Min-Max Model Predictive Control as a Quadratic Program},
	journal = {{IFAC} Proceedings Volumes}
}
@article{Mnnigmann:2011,
	year  = {2011},
	month = {jan},
	publisher = {Elsevier {BV}},
	volume = {44},
	number = {1},
	pages = {1356--1361},
	author = {M. M\"{o}nnigmann and M. Kastsian},
	title = {Fast explicit {MPC} with multiway trees},
	journal = {{IFAC} Proceedings Volumes}
}

@article{Jones:2006,
	year  = {2006},
	month = {dec},
	publisher = {Elsevier {BV}},
	volume = {42},
	number = {12},
	pages = {2215--2218},
	author = {C.N. Jones and P. Grieder and S.V. Rakovi{\'{c}}},
	title = {A logarithmic-time solution to the point location problem for parametric linear programming},
	journal = {Automatica}
}

@inproceedings{Anta10,
 author = {Anta, Adolfo and Majumdar, Rupak and Saha, Indranil and Tabuada, Paulo},
 title = {Automatic Verification of Control System Implementations},
 booktitle = {Proceedings of the Tenth ACM International Conference on Embedded Software},
 series = {EMSOFT '10},
 year = {2010},
 location = {Scottsdale, Arizona, USA},
 pages = {9--18},
 publisher = {ACM},
 address = {New York, NY, USA},
} 

@inproceedings{ParkPSL17,
  author    = {Junkil Park and
               Miroslav Pajic and
               Oleg Sokolsky and
               Insup Lee},
  title     = {Automatic Verification of Finite Precision Implementations of Linear
               Controllers},
  booktitle = {Tools and Algorithms for the Construction and Analysis of Systems {TACAS}, Uppsala, Sweden, April 22-29},
  pages     = {153--169},
  year      = {2017},
}

@book{camacho2013model,
  title={Model predictive control},
  author={Camacho, Eduardo F and Alba, Carlos Bordons},
  year={2013},
  publisher={Springer Science \& Business Media}
}

@ARTICLE{FMPS18, 
author={S. S. {Farahani} and R. {Majumdar} and V. S. {Prabhu} and S. {Soudjani}}, 
journal={IEEE Transactions on Automatic Control}, 
title={Shrinking Horizon Model Predictive Control with Signal Temporal Logic Constraints under Stochastic Disturbances}, 
year={2018}, 
volume={}, 
number={}, 
pages={1-8},
ISSN={0018-9286}, 
month={},}

@inproceedings{KaramanSF08,
  author    = {Sertac Karaman and
               Ricardo G. Sanfelice and
               Emilio Frazzoli},
  title     = {Optimal control of Mixed Logical Dynamical systems with Linear Temporal
               Logic specifications},
  booktitle = {Proc. of {CDC} 2008:  the 47th {IEEE} Conference on Decision and Control},
  pages     = {2117--2122},
  year      = {2008},
  publisher = {{IEEE}},
}

@inproceedings{raman2014model,
  title={Model predictive control with signal temporal logic specifications},
  author={Raman, Vasumathi and Donz{\'e}, Alexandre and Maasoumy, Mehdi and Murray, Richard M and Sangiovanni-Vincentelli, Alberto and Seshia, Sanjit A},
  booktitle={Decision and Control (CDC), 2014 IEEE 53rd Annual Conference on},
  pages={81--87},
  year={2014},
  organization={IEEE}
}

@inproceedings{kim2017dynamic,
  title={Dynamic contracts for distributed temporal logic control of traffic networks},
  author={Kim, Eric S and Sadraddini, Sadra and Belta, Calin and Arcak, Murat and Seshia, Sanjit A},
  booktitle={Decision and Control (CDC), 2017 IEEE 56th Annual Conference on},
  pages={3640--3645},
  year={2017},
  organization={IEEE}
}

@article{WongpiromsarnTM12,
  author    = {Tichakorn Wongpiromsarn and
               Ufuk Topcu and
               Richard M. Murray},
  title     = {Receding Horizon Temporal Logic Planning},
  journal   = {{IEEE} Trans. Automat. Contr.},
  volume    = {57},
  number    = {11},
  pages     = {2817--2830},
  year      = {2012},
}

@inproceedings{pant2017smooth,
  title={Smooth operator: Control using the smooth robustness of temporal logic},
  author={Pant, Yash Vardhan and Abbas, Houssam and Mangharam, Rahul},
  booktitle={Control Technology and Applications (CCTA), 2017 IEEE Conference on},
  pages={1235--1240},
  year={2017},
  organization={IEEE}
}

@inproceedings{LiNSXL17,
  author    = {Jiwei Li and
               Pierluigi Nuzzo and
               Alberto L. Sangiovanni{-}Vincentelli and
               Yugeng Xi and
               Dewei Li},
  title     = {Stochastic contracts for cyber-physical system design under probabilistic
               requirements},
  booktitle = {Proceedings of the 15th {ACM-IEEE} International Conference on Formal
               Methods and Models for System Design, {MEMOCODE} 2017, Vienna, Austria,
               September 29 - October 02, 2017},
  pages     = {5--14},
  year      = {2017},
  publisher = {{ACM}},
}

@inproceedings{donze2010robust,
  title={Robust satisfaction of temporal logic over real-valued signals},
  author={Donz{\'e}, Alexandre and Maler, Oded},
  booktitle={International Conference on Formal Modeling and Analysis of Timed Systems},
  pages={92--106},
  year={2010},
  organization={Springer}
}

@inproceedings{SadighK16,
  author    = {Dorsa Sadigh and Ashish Kapoor},
  title     = {Safe Control under Uncertainty with Probabilistic Signal Temporal Logic},
  booktitle = {Robotics: Science and Systems XII, University of Michigan, Ann Arbor,
               Michigan, USA, June 18 - June 22, 2016},
  year      = {2016}
}

@article{Kapasouris:1998,
	author = {{Kapasouris}, P. and {Athans}, M. and {Stein}, G.},
	title = "{Design of feedback control systems for unstable plants with saturating actuators}",
	journal = {NASA STI/Recon Technical Report N},
	year = 1988,
	month = nov,
	volume = 89
}
